<record xmlns="http://www.loc.gov/MARC21/slim">
   <leader>01087cam a2200253   4500</leader>
   <controlfield tag="001">1369676</controlfield>
   <controlfield tag="008">910410s1985    it       di       0 ita c</controlfield>
   <datafield ind1=" " ind2=" " tag="035">
      <subfield code="a">ocm70345014</subfield>
   </datafield>
   <datafield ind1=" " ind2=" " tag="040">
      <subfield code="b">eng</subfield>
   </datafield>
   <datafield ind1=" " ind2=" " tag="049">
      <subfield code="a">AEU</subfield>
      <subfield code="b">eng</subfield>
   </datafield>
   <datafield ind1=" " ind2="4" tag="050">
      <subfield code="a">P1078.Z5</subfield>
      <subfield code="b">T47 Index</subfield>
   </datafield>
   <datafield ind1="0" ind2=" " tag="090">
      <subfield code="a">P 1078 Z5 T4132 1985</subfield>
   </datafield>
   <datafield ind1="0" ind2="0" tag="245">
      <subfield code="a">Thesaurus linguae Etruscae, indice lessicale :</subfield>
      <subfield code="b">ordinamento inverso dei lemmi /</subfield>
      <subfield code="c">elaborato da Leone Fasani e pubblicato per iniziativa e sotto gli auspici dell'Istituto di studi etruschi ed italici da Massimo Pallottino ; a cura di Maristella Pandolfini Angeletti.</subfield>
   </datafield>
   <datafield ind1=" " ind2=" " tag="260">
      <subfield code="a">Roma :</subfield>
      <subfield code="b">Consiglio nazionale delle ricerche,</subfield>
      <subfield code="c">1985.</subfield>
   </datafield>
   <datafield ind1=" " ind2=" " tag="300">
      <subfield code="a">86 p. ;</subfield>
      <subfield code="c">24 cm.</subfield>
   </datafield>
   <datafield ind1=" " ind2=" " tag="336">
      <subfield code="a">text</subfield>
      <subfield code="b">txt</subfield>
      <subfield code="2">rdacontent</subfield>
   </datafield>
   <datafield ind1=" " ind2=" " tag="337">
      <subfield code="a">unmediated</subfield>
      <subfield code="b">n</subfield>
      <subfield code="2">rdamedia</subfield>
   </datafield>
   <datafield ind1=" " ind2=" " tag="338">
      <subfield code="a">volume</subfield>
      <subfield code="b">nc</subfield>
      <subfield code="2">rdacarrier</subfield>
   </datafield>
   <datafield ind1=" " ind2=" " tag="596">
      <subfield code="a">38</subfield>
   </datafield>
   <datafield ind1=" " ind2="0" tag="650">
      <subfield code="a">Etruscan language</subfield>
      <subfield code="v">Dictionaries</subfield>
      <subfield code="v">Indexes.</subfield>
   </datafield>
   <datafield ind1="1" ind2=" " tag="700">
      <subfield code="a">Pallottino, Massimo.</subfield>
   </datafield>
   <datafield ind1="1" ind2=" " tag="700">
      <subfield code="a">Pandolfini Angeletti, Maristella.</subfield>
   </datafield>
   <datafield ind1="2" ind2=" " tag="710">
      <subfield code="a">Istituto di studi etruschi ed italici.</subfield>
   </datafield>
   <datafield ind1=" " ind2=" " tag="926">
      <subfield code="a">P 1078 Z5 T4132 1985</subfield>
      <subfield code="w">LC</subfield>
      <subfield code="c">1</subfield>
      <subfield code="i">000036135135</subfield>
      <subfield code="l">ON_SHELF</subfield>
      <subfield code="m">UABARD</subfield>
      <subfield code="p">$150.00</subfield>
      <subfield code="r">Y</subfield>
      <subfield code="s">Y</subfield>
      <subfield code="t">BOOK</subfield>
      <subfield code="u">4/12/1991</subfield>
      <subfield code="o">.STAFF. B0028821</subfield>
   </datafield>
</record>
